
@misc{nasa_exoplanet_archive_kepler_2019,
	title = {Kepler Objects of Interest Cumulative Table},
	url = {https://catcopy.ipac.caltech.edu/dois/doi.php?id=10.26133/NEA4},
	abstract = {The Kepler Objects of Interest ({KOI}) cumulative table gathers information from the individual {KOI} activity tables that describe the current results of different searches of the Kepler light curves. The intent of the cumulative table is to provide the most accurate dispositions and stellar and planetary information for all {KOIs} in one place. All the information in this table has provenance in other {KOI} activity tables.},
	publisher = {{IPAC}},
	author = {{NASA} Exoplanet Archive},
	urldate = {2020-12-20},
	date = {2019},
	doi = {10.26133/NEA4},
	note = {type: dataset}
}


@online{noauthor_kepler_nodate,
	title = {Kepler Exoplanet Search Results},
	url = {https://kaggle.com/nasa/kepler-exoplanet-search-results},
	abstract = {10000 exoplanet candidates examined by the Kepler Space Observatory},
	urldate = {2020-12-20},
	langid = {english},
}

@online{administrator_new_2013,
	title = {New {NASA} Kepler Mission Data},
	url = {http://www.nasa.gov/mission_pages/kepler/news/kepler-new-data-q-and-a.html},
	abstract = {On May 28, 2013, {NASA}'s Kepler mission delivered new data to the {NASA} Exoplanet Archive.},
	titleaddon = {{NASA}},
	author = {Administrator, {NASA}},
	urldate = {2020-12-20},
	date = {2013-06-07},
	langid = {english},
	note = {Publisher: Brian Dunbar},
}

@online{noauthor_exoplanet_nodate,
	title = {Exoplanet Archive Documentation},
	url = {https://exoplanetarchive.ipac.caltech.edu/applications/DocSet/index.html?doctree=/docs/docmenu.xml&startdoc=1},
	urldate = {2020-12-20},
}



@article{scikit-learn,
 title={Scikit-learn: Machine Learning in {P}ython},
 author={Pedregosa, F. and Varoquaux, G. and Gramfort, A. and Michel, V.
         and Thirion, B. and Grisel, O. and Blondel, M. and Prettenhofer, P.
         and Weiss, R. and Dubourg, V. and Vanderplas, J. and Passos, A. and
         Cournapeau, D. and Brucher, M. and Perrot, M. and Duchesnay, E.},
 journal={Journal of Machine Learning Research},
 volume={12},
 pages={2825--2830},
 year={2011}
}

@online{mcneymar,
	title = {statsmodels.stats.contingency\_tables.mcnemar â€” statsmodels},
	url = {https://www.statsmodels.org/dev/generated/statsmodels.stats.contingency_tables.mcnemar.html},
	urldate = {2020-12-23}
}
